<?xml version="1.0" encoding="UTF-8"?><collection xmlns="http://www.loc.gov/MARC21/slim"><record><leader>00449nam--2200145-i-4500</leader><controlfield tag="001">000041717</controlfield><controlfield tag="002">20161230</controlfield><controlfield tag="005">20161230201043</controlfield><controlfield tag="008">060222s1000------------r-----000-0-eng-d</controlfield><datafield ind1=" " ind2=" " tag="080"><subfield code="a">512.642:514.74</subfield></datafield><datafield ind1=" " ind2=" " tag="100"><subfield code="a">Singer, Ivan</subfield></datafield><datafield ind1=" " ind2=" " tag="245"><subfield code="a">Cea mai buna aproximare in spatii vectoriale normate prin elemente din subspatii vectoriale</subfield></datafield><datafield ind1=" " ind2=" " tag="260"><subfield code="a">Bucuresti, Editura Acadademiei Rsr.,1967. 386 P</subfield></datafield><datafield ind1=" " ind2=" " tag="852"><subfield code="a">27354</subfield><subfield code="c">512.94</subfield></datafield><datafield ind1=" " ind2=" " tag="CAT"><subfield code="a">Sys</subfield><subfield code="c">20080526</subfield><subfield code="h">105900</subfield></datafield></record></collection>